%YAML 1.1
%TAG !u! tag:unity3d.com,2011:
--- !u!29 &1
OcclusionCullingSettings:
  m_ObjectHideFlags: 0
  serializedVersion: 2
  m_OcclusionBakeSettings:
    smallestOccluder: 5
    smallestHole: 0.25
    backfaceThreshold: 100
  m_SceneGUID: 00000000000000000000000000000000
  m_OcclusionCullingData: {fileID: 0}
--- !u!104 &2
RenderSettings:
  m_ObjectHideFlags: 0
  serializedVersion: 9
  m_Fog: 0
  m_FogColor: {r: 0.5, g: 0.5, b: 0.5, a: 1}
  m_FogMode: 3
  m_FogDensity: 0.01
  m_LinearFogStart: 0
  m_LinearFogEnd: 300
  m_AmbientSkyColor: {r: 0.3755607, g: 0.3262727, b: 0.49056602, a: 1}
  m_AmbientEquatorColor: {r: 0.114, g: 0.125, b: 0.133, a: 1}
  m_AmbientGroundColor: {r: 0.047, g: 0.043, b: 0.035, a: 1}
  m_AmbientIntensity: 1
  m_AmbientMode: 3
  m_SubtractiveShadowColor: {r: 0.42, g: 0.478, b: 0.627, a: 1}
  m_SkyboxMaterial: {fileID: 0}
  m_HaloStrength: 0.5
  m_FlareStrength: 1
  m_FlareFadeSpeed: 3
  m_HaloTexture: {fileID: 0}
  m_SpotCookie: {fileID: 10001, guid: 0000000000000000e000000000000000, type: 0}
  m_DefaultReflectionMode: 0
  m_DefaultReflectionResolution: 128
  m_ReflectionBounces: 1
  m_ReflectionIntensity: 1
  m_CustomReflection: {fileID: 0}
  m_Sun: {fileID: 0}
  m_IndirectSpecularColor: {r: 0, g: 0, b: 0, a: 1}
  m_UseRadianceAmbientProbe: 0
--- !u!157 &3
LightmapSettings:
  m_ObjectHideFlags: 0
  serializedVersion: 11
  m_GIWorkflowMode: 0
  m_GISettings:
    serializedVersion: 2
    m_BounceScale: 1
    m_IndirectOutputScale: 1
    m_AlbedoBoost: 1
    m_TemporalCoherenceThreshold: 1
    m_EnvironmentLightingMode: 0
    m_EnableBakedLightmaps: 1
    m_EnableRealtimeLightmaps: 1
  m_LightmapEditorSettings:
    serializedVersion: 10
    m_Resolution: 2
    m_BakeResolution: 40
    m_AtlasSize: 1024
    m_AO: 0
    m_AOMaxDistance: 1
    m_CompAOExponent: 1
    m_CompAOExponentDirect: 0
    m_Padding: 2
    m_LightmapParameters: {fileID: 0}
    m_LightmapsBakeMode: 1
    m_TextureCompression: 1
    m_FinalGather: 0
    m_FinalGatherFiltering: 1
    m_FinalGatherRayCount: 256
    m_ReflectionCompression: 2
    m_MixedBakeMode: 2
    m_BakeBackend: 1
    m_PVRSampling: 1
    m_PVRDirectSampleCount: 32
    m_PVRSampleCount: 500
    m_PVRBounces: 2
    m_PVRFilterTypeDirect: 0
    m_PVRFilterTypeIndirect: 0
    m_PVRFilterTypeAO: 0
    m_PVRFilteringMode: 1
    m_PVRCulling: 1
    m_PVRFilteringGaussRadiusDirect: 1
    m_PVRFilteringGaussRadiusIndirect: 5
    m_PVRFilteringGaussRadiusAO: 2
    m_PVRFilteringAtrousPositionSigmaDirect: 0.5
    m_PVRFilteringAtrousPositionSigmaIndirect: 2
    m_PVRFilteringAtrousPositionSigmaAO: 1
    m_ShowResolutionOverlay: 1
  m_LightingDataAsset: {fileID: 0}
  m_UseShadowmask: 1
--- !u!196 &4
NavMeshSettings:
  serializedVersion: 2
  m_ObjectHideFlags: 0
  m_BuildSettings:
    serializedVersion: 2
    agentTypeID: 0
    agentRadius: 0.5
    agentHeight: 2
    agentSlope: 45
    agentClimb: 0.4
    ledgeDropHeight: 0
    maxJumpAcrossDistance: 0
    minRegionArea: 2
    manualCellSize: 0
    cellSize: 0.16666667
    manualTileSize: 0
    tileSize: 256
    accuratePlacement: 0
    debug:
      m_Flags: 0
  m_NavMeshData: {fileID: 0}
--- !u!1001 &40404940
Prefab:
  m_ObjectHideFlags: 0
  serializedVersion: 2
  m_Modification:
    m_TransformParent: {fileID: 1777833757}
    m_Modifications:
    - target: {fileID: 4084960477980668, guid: b710c5534a48fed48b927939cc7f6e09, type: 2}
      propertyPath: m_LocalPosition.x
      value: 7.504804
      objectReference: {fileID: 0}
    - target: {fileID: 4084960477980668, guid: b710c5534a48fed48b927939cc7f6e09, type: 2}
      propertyPath: m_LocalPosition.y
      value: -3.7779887
      objectReference: {fileID: 0}
    - target: {fileID: 4084960477980668, guid: b710c5534a48fed48b927939cc7f6e09, type: 2}
      propertyPath: m_LocalPosition.z
      value: 0.05191666
      objectReference: {fileID: 0}
    - target: {fileID: 4084960477980668, guid: b710c5534a48fed48b927939cc7f6e09, type: 2}
      propertyPath: m_LocalRotation.x
      value: -0
      objectReference: {fileID: 0}
    - target: {fileID: 4084960477980668, guid: b710c5534a48fed48b927939cc7f6e09, type: 2}
      propertyPath: m_LocalRotation.y
      value: -0
      objectReference: {fileID: 0}
    - target: {fileID: 4084960477980668, guid: b710c5534a48fed48b927939cc7f6e09, type: 2}
      propertyPath: m_LocalRotation.z
      value: -0
      objectReference: {fileID: 0}
    - target: {fileID: 4084960477980668, guid: b710c5534a48fed48b927939cc7f6e09, type: 2}
      propertyPath: m_LocalRotation.w
      value: 1
      objectReference: {fileID: 0}
    - target: {fileID: 4084960477980668, guid: b710c5534a48fed48b927939cc7f6e09, type: 2}
      propertyPath: m_RootOrder
      value: 1
      objectReference: {fileID: 0}
    m_RemovedComponents:
    - {fileID: 0}
  m_SourcePrefab: {fileID: 100100000, guid: b710c5534a48fed48b927939cc7f6e09, type: 2}
  m_IsPrefabAsset: 0
--- !u!1001 &229373822
Prefab:
  m_ObjectHideFlags: 0
  serializedVersion: 2
  m_Modification:
    m_TransformParent: {fileID: 1777833757}
    m_Modifications:
    - target: {fileID: 4352871304621798, guid: 04fb02a255f449b41bf803888bd4909e, type: 2}
      propertyPath: m_LocalPosition.x
      value: 20
      objectReference: {fileID: 0}
    - target: {fileID: 4352871304621798, guid: 04fb02a255f449b41bf803888bd4909e, type: 2}
      propertyPath: m_LocalPosition.y
      value: 7.4
      objectReference: {fileID: 0}
    - target: {fileID: 4352871304621798, guid: 04fb02a255f449b41bf803888bd4909e, type: 2}
      propertyPath: m_LocalPosition.z
      value: 0.40191665
      objectReference: {fileID: 0}
    - target: {fileID: 4352871304621798, guid: 04fb02a255f449b41bf803888bd4909e, type: 2}
      propertyPath: m_LocalRotation.x
      value: -0
      objectReference: {fileID: 0}
    - target: {fileID: 4352871304621798, guid: 04fb02a255f449b41bf803888bd4909e, type: 2}
      propertyPath: m_LocalRotation.y
      value: -0
      objectReference: {fileID: 0}
    - target: {fileID: 4352871304621798, guid: 04fb02a255f449b41bf803888bd4909e, type: 2}
      propertyPath: m_LocalRotation.z
      value: -0
      objectReference: {fileID: 0}
    - target: {fileID: 4352871304621798, guid: 04fb02a255f449b41bf803888bd4909e, type: 2}
      propertyPath: m_LocalRotation.w
      value: 1
      objectReference: {fileID: 0}
    - target: {fileID: 4352871304621798, guid: 04fb02a255f449b41bf803888bd4909e, type: 2}
      propertyPath: m_RootOrder
      value: 2
      objectReference: {fileID: 0}
    - target: {fileID: 50271502645692308, guid: 04fb02a255f449b41bf803888bd4909e,
        type: 2}
      propertyPath: m_Mass
      value: 13.335807
      objectReference: {fileID: 0}
    - target: {fileID: 4352871304621798, guid: 04fb02a255f449b41bf803888bd4909e, type: 2}
      propertyPath: m_LocalScale.x
      value: 0.632
      objectReference: {fileID: 0}
    - target: {fileID: 4352871304621798, guid: 04fb02a255f449b41bf803888bd4909e, type: 2}
      propertyPath: m_LocalScale.y
      value: 0.632
      objectReference: {fileID: 0}
    - target: {fileID: 4352871304621798, guid: 04fb02a255f449b41bf803888bd4909e, type: 2}
      propertyPath: m_LocalScale.z
      value: 0.632
      objectReference: {fileID: 0}
    - target: {fileID: 1353526786555350, guid: 04fb02a255f449b41bf803888bd4909e, type: 2}
      propertyPath: m_Name
      value: Astroid (1)
      objectReference: {fileID: 0}
    m_RemovedComponents:
    - {fileID: 95547139447130640, guid: 04fb02a255f449b41bf803888bd4909e, type: 2}
  m_SourcePrefab: {fileID: 100100000, guid: 04fb02a255f449b41bf803888bd4909e, type: 2}
  m_IsPrefabAsset: 0
--- !u!4 &280205937 stripped
Transform:
  m_CorrespondingSourceObject: {fileID: 4135876534054380, guid: a1070a78a47bc7a488d6632972448d30,
    type: 2}
  m_PrefabInternal: {fileID: 1125115496}
--- !u!1001 &379836349
Prefab:
  m_ObjectHideFlags: 0
  serializedVersion: 2
  m_Modification:
    m_TransformParent: {fileID: 978605290}
    m_Modifications:
    - target: {fileID: 198343454158491146, guid: 7cfda62bab9b8e647a10b359ca2173ae,
        type: 2}
      propertyPath: EmissionModule.m_Bursts.Array.size
      value: 1
      objectReference: {fileID: 0}
    - target: {fileID: 198343454158491146, guid: 7cfda62bab9b8e647a10b359ca2173ae,
        type: 2}
      propertyPath: EmissionModule.m_Bursts.Array.data[0].countCurve.maxCurve.m_Curve.Array.size
      value: 2
      objectReference: {fileID: 0}
    - target: {fileID: 198343454158491146, guid: 7cfda62bab9b8e647a10b359ca2173ae,
        type: 2}
      propertyPath: EmissionModule.m_Bursts.Array.data[0].countCurve.minCurve.m_Curve.Array.size
      value: 2
      objectReference: {fileID: 0}
    - target: {fileID: 4734524514257894, guid: 7cfda62bab9b8e647a10b359ca2173ae, type: 2}
      propertyPath: m_LocalPosition.x
      value: 0
      objectReference: {fileID: 0}
    - target: {fileID: 4734524514257894, guid: 7cfda62bab9b8e647a10b359ca2173ae, type: 2}
      propertyPath: m_LocalPosition.y
      value: 0
      objectReference: {fileID: 0}
    - target: {fileID: 4734524514257894, guid: 7cfda62bab9b8e647a10b359ca2173ae, type: 2}
      propertyPath: m_LocalPosition.z
      value: 17.92
      objectReference: {fileID: 0}
    - target: {fileID: 4734524514257894, guid: 7cfda62bab9b8e647a10b359ca2173ae, type: 2}
      propertyPath: m_LocalRotation.x
      value: -0
      objectReference: {fileID: 0}
    - target: {fileID: 4734524514257894, guid: 7cfda62bab9b8e647a10b359ca2173ae, type: 2}
      propertyPath: m_LocalRotation.y
      value: -0
      objectReference: {fileID: 0}
    - target: {fileID: 4734524514257894, guid: 7cfda62bab9b8e647a10b359ca2173ae, type: 2}
      propertyPath: m_LocalRotation.z
      value: -0
      objectReference: {fileID: 0}
    - target: {fileID: 4734524514257894, guid: 7cfda62bab9b8e647a10b359ca2173ae, type: 2}
      propertyPath: m_LocalRotation.w
      value: 1
      objectReference: {fileID: 0}
    - target: {fileID: 4734524514257894, guid: 7cfda62bab9b8e647a10b359ca2173ae, type: 2}
      propertyPath: m_RootOrder
      value: 1
      objectReference: {fileID: 0}
    - target: {fileID: 4110052654404584, guid: 7cfda62bab9b8e647a10b359ca2173ae, type: 2}
      propertyPath: m_LocalPosition.x
      value: -0.1147
      objectReference: {fileID: 0}
    - target: {fileID: 4734524514257894, guid: 7cfda62bab9b8e647a10b359ca2173ae, type: 2}
      propertyPath: m_LocalScale.x
      value: 200
      objectReference: {fileID: 0}
    - target: {fileID: 4734524514257894, guid: 7cfda62bab9b8e647a10b359ca2173ae, type: 2}
      propertyPath: m_LocalScale.y
      value: 308.4
      objectReference: {fileID: 0}
    - target: {fileID: 4734524514257894, guid: 7cfda62bab9b8e647a10b359ca2173ae, type: 2}
      propertyPath: m_LocalScale.z
      value: 100
      objectReference: {fileID: 0}
    - target: {fileID: 198343454158491146, guid: 7cfda62bab9b8e647a10b359ca2173ae,
        type: 2}
      propertyPath: SizeModule.enabled
      value: 1
      objectReference: {fileID: 0}
    - target: {fileID: 198343454158491146, guid: 7cfda62bab9b8e647a10b359ca2173ae,
        type: 2}
      propertyPath: SizeModule.curve.maxCurve.m_Curve.Array.data[0].value
      value: 1
      objectReference: {fileID: 0}
    - target: {fileID: 198343454158491146, guid: 7cfda62bab9b8e647a10b359ca2173ae,
        type: 2}
      propertyPath: SizeModule.curve.maxCurve.m_Curve.Array.data[0].outSlope
      value: -1
      objectReference: {fileID: 0}
    - target: {fileID: 198343454158491146, guid: 7cfda62bab9b8e647a10b359ca2173ae,
        type: 2}
      propertyPath: SizeModule.curve.maxCurve.m_Curve.Array.data[1].outSlope
      value: -1
      objectReference: {fileID: 0}
    - target: {fileID: 198343454158491146, guid: 7cfda62bab9b8e647a10b359ca2173ae,
        type: 2}
      propertyPath: SizeModule.curve.scalar
      value: 1
      objectReference: {fileID: 0}
    - target: {fileID: 198343454158491146, guid: 7cfda62bab9b8e647a10b359ca2173ae,
        type: 2}
      propertyPath: SizeModule.curve.maxCurve.m_Curve.Array.data[1].value
      value: 0
      objectReference: {fileID: 0}
    - target: {fileID: 198343454158491146, guid: 7cfda62bab9b8e647a10b359ca2173ae,
        type: 2}
      propertyPath: SizeModule.curve.maxCurve.m_Curve.Array.data[1].inSlope
      value: -1
      objectReference: {fileID: 0}
    - target: {fileID: 198343454158491146, guid: 7cfda62bab9b8e647a10b359ca2173ae,
        type: 2}
      propertyPath: SizeModule.curve.maxCurve.m_Curve.Array.data[1].tangentMode
      value: 34
      objectReference: {fileID: 0}
    - target: {fileID: 198343454158491146, guid: 7cfda62bab9b8e647a10b359ca2173ae,
        type: 2}
      propertyPath: SizeModule.curve.maxCurve.m_Curve.Array.data[0].inSlope
      value: -1
      objectReference: {fileID: 0}
    - target: {fileID: 198343454158491146, guid: 7cfda62bab9b8e647a10b359ca2173ae,
        type: 2}
      propertyPath: SizeModule.curve.maxCurve.m_Curve.Array.data[0].tangentMode
      value: 34
      objectReference: {fileID: 0}
    - target: {fileID: 198343454158491146, guid: 7cfda62bab9b8e647a10b359ca2173ae,
        type: 2}
      propertyPath: InitialModule.startSize.scalar
      value: 5
      objectReference: {fileID: 0}
    - target: {fileID: 198343454158491146, guid: 7cfda62bab9b8e647a10b359ca2173ae,
        type: 2}
      propertyPath: ShapeModule.m_Scale.y
      value: 30
      objectReference: {fileID: 0}
    - target: {fileID: 198343454158491146, guid: 7cfda62bab9b8e647a10b359ca2173ae,
        type: 2}
      propertyPath: ShapeModule.m_Scale.z
      value: 1
      objectReference: {fileID: 0}
    - target: {fileID: 4110052654404584, guid: 7cfda62bab9b8e647a10b359ca2173ae, type: 2}
      propertyPath: m_LocalPosition.z
      value: 0
      objectReference: {fileID: 0}
    - target: {fileID: 198343454158491146, guid: 7cfda62bab9b8e647a10b359ca2173ae,
        type: 2}
      propertyPath: SubModule.subEmitters.Array.data[0].properties
      value: 2
      objectReference: {fileID: 0}
    - target: {fileID: 198091945365986664, guid: 7cfda62bab9b8e647a10b359ca2173ae,
        type: 2}
      propertyPath: InitialModule.startSize.scalar
      value: 1
      objectReference: {fileID: 0}
    - target: {fileID: 198343454158491146, guid: 7cfda62bab9b8e647a10b359ca2173ae,
        type: 2}
      propertyPath: EmissionModule.rateOverTime.scalar
      value: 0
      objectReference: {fileID: 0}
    - target: {fileID: 198343454158491146, guid: 7cfda62bab9b8e647a10b359ca2173ae,
        type: 2}
      propertyPath: EmissionModule.m_BurstCount
      value: 1
      objectReference: {fileID: 0}
    - target: {fileID: 198343454158491146, guid: 7cfda62bab9b8e647a10b359ca2173ae,
        type: 2}
      propertyPath: EmissionModule.m_Bursts.Array.data[0].countCurve.scalar
      value: 5
      objectReference: {fileID: 0}
    - target: {fileID: 198343454158491146, guid: 7cfda62bab9b8e647a10b359ca2173ae,
        type: 2}
      propertyPath: EmissionModule.m_Bursts.Array.data[0].countCurve.maxCurve.m_Curve.Array.data[0].value
      value: 1
      objectReference: {fileID: 0}
    - target: {fileID: 198343454158491146, guid: 7cfda62bab9b8e647a10b359ca2173ae,
        type: 2}
      propertyPath: EmissionModule.m_Bursts.Array.data[0].countCurve.maxCurve.m_Curve.Array.data[1].time
      value: 1
      objectReference: {fileID: 0}
    - target: {fileID: 198343454158491146, guid: 7cfda62bab9b8e647a10b359ca2173ae,
        type: 2}
      propertyPath: EmissionModule.m_Bursts.Array.data[0].countCurve.maxCurve.m_Curve.Array.data[1].value
      value: 1
      objectReference: {fileID: 0}
    - target: {fileID: 198343454158491146, guid: 7cfda62bab9b8e647a10b359ca2173ae,
        type: 2}
      propertyPath: EmissionModule.m_Bursts.Array.data[0].countCurve.maxCurve.m_PreInfinity
      value: 2
      objectReference: {fileID: 0}
    - target: {fileID: 198343454158491146, guid: 7cfda62bab9b8e647a10b359ca2173ae,
        type: 2}
      propertyPath: EmissionModule.m_Bursts.Array.data[0].countCurve.maxCurve.m_PostInfinity
      value: 2
      objectReference: {fileID: 0}
    - target: {fileID: 198343454158491146, guid: 7cfda62bab9b8e647a10b359ca2173ae,
        type: 2}
      propertyPath: EmissionModule.m_Bursts.Array.data[0].countCurve.maxCurve.m_RotationOrder
      value: 4
      objectReference: {fileID: 0}
    - target: {fileID: 198343454158491146, guid: 7cfda62bab9b8e647a10b359ca2173ae,
        type: 2}
      propertyPath: EmissionModule.m_Bursts.Array.data[0].countCurve.minCurve.m_Curve.Array.data[0].value
      value: 1
      objectReference: {fileID: 0}
    - target: {fileID: 198343454158491146, guid: 7cfda62bab9b8e647a10b359ca2173ae,
        type: 2}
      propertyPath: EmissionModule.m_Bursts.Array.data[0].countCurve.minCurve.m_Curve.Array.data[1].time
      value: 1
      objectReference: {fileID: 0}
    - target: {fileID: 198343454158491146, guid: 7cfda62bab9b8e647a10b359ca2173ae,
        type: 2}
      propertyPath: EmissionModule.m_Bursts.Array.data[0].countCurve.minCurve.m_Curve.Array.data[1].value
      value: 1
      objectReference: {fileID: 0}
    - target: {fileID: 198343454158491146, guid: 7cfda62bab9b8e647a10b359ca2173ae,
        type: 2}
      propertyPath: EmissionModule.m_Bursts.Array.data[0].countCurve.minCurve.m_PreInfinity
      value: 2
      objectReference: {fileID: 0}
    - target: {fileID: 198343454158491146, guid: 7cfda62bab9b8e647a10b359ca2173ae,
        type: 2}
      propertyPath: EmissionModule.m_Bursts.Array.data[0].countCurve.minCurve.m_PostInfinity
      value: 2
      objectReference: {fileID: 0}
    - target: {fileID: 198343454158491146, guid: 7cfda62bab9b8e647a10b359ca2173ae,
        type: 2}
      propertyPath: EmissionModule.m_Bursts.Array.data[0].countCurve.minCurve.m_RotationOrder
      value: 4
      objectReference: {fileID: 0}
    - target: {fileID: 198343454158491146, guid: 7cfda62bab9b8e647a10b359ca2173ae,
        type: 2}
      propertyPath: EmissionModule.m_Bursts.Array.data[0].cycleCount
      value: 0
      objectReference: {fileID: 0}
    - target: {fileID: 198343454158491146, guid: 7cfda62bab9b8e647a10b359ca2173ae,
        type: 2}
      propertyPath: EmissionModule.m_Bursts.Array.data[0].repeatInterval
      value: 0.25
      objectReference: {fileID: 0}
    - target: {fileID: 198343454158491146, guid: 7cfda62bab9b8e647a10b359ca2173ae,
        type: 2}
      propertyPath: lengthInSec
      value: 1
      objectReference: {fileID: 0}
    - target: {fileID: 198343454158491146, guid: 7cfda62bab9b8e647a10b359ca2173ae,
        type: 2}
      propertyPath: EmissionModule.m_Bursts.Array.data[0].countCurve.minScalar
      value: 5.0000
      objectReference: {fileID: 0}
    m_RemovedComponents: []
  m_SourcePrefab: {fileID: 100100000, guid: 7cfda62bab9b8e647a10b359ca2173ae, type: 2}
  m_IsPrefabAsset: 0
--- !u!1 &422454965
GameObject:
  m_ObjectHideFlags: 0
  m_CorrespondingSourceObject: {fileID: 1515596856096234, guid: 48cfdafdd0e66bd45a634a3643557ccd,
    type: 2}
  m_PrefabInternal: {fileID: 0}
  serializedVersion: 6
  m_Component:
  - component: {fileID: 422454966}
  - component: {fileID: 422454967}
  m_Layer: 0
  m_Name: BG Space 00
  m_TagString: Untagged
  m_Icon: {fileID: 0}
  m_NavMeshLayer: 0
  m_StaticEditorFlags: 0
  m_IsActive: 1
--- !u!4 &422454966
Transform:
  m_ObjectHideFlags: 0
  m_CorrespondingSourceObject: {fileID: 4210593254909286, guid: 48cfdafdd0e66bd45a634a3643557ccd,
    type: 2}
  m_PrefabInternal: {fileID: 0}
  m_GameObject: {fileID: 422454965}
  m_LocalRotation: {x: -0, y: -0, z: -0, w: 1}
  m_LocalPosition: {x: 0, y: 0, z: 0}
  m_LocalScale: {x: 1.35, y: 1.35, z: 1}
  m_Children: []
  m_Father: {fileID: 978605290}
  m_RootOrder: 0
  m_LocalEulerAnglesHint: {x: 0, y: 0, z: 0}
--- !u!212 &422454967
SpriteRenderer:
  m_ObjectHideFlags: 0
  m_CorrespondingSourceObject: {fileID: 212419948838930202, guid: 48cfdafdd0e66bd45a634a3643557ccd,
    type: 2}
  m_PrefabInternal: {fileID: 0}
  m_GameObject: {fileID: 422454965}
  m_Enabled: 1
  m_CastShadows: 0
  m_ReceiveShadows: 0
  m_DynamicOccludee: 1
  m_MotionVectors: 1
  m_LightProbeUsage: 1
  m_ReflectionProbeUsage: 1
  m_RenderingLayerMask: 4294967295
  m_Materials:
  - {fileID: 2100000, guid: 994b696b5e7303a4ba0202dc486a4e62, type: 2}
  m_StaticBatchInfo:
    firstSubMesh: 0
    subMeshCount: 0
  m_StaticBatchRoot: {fileID: 0}
  m_ProbeAnchor: {fileID: 0}
  m_LightProbeVolumeOverride: {fileID: 0}
  m_ScaleInLightmap: 1
  m_PreserveUVs: 0
  m_IgnoreNormalsForChartDetection: 0
  m_ImportantGI: 0
  m_StitchLightmapSeams: 0
  m_SelectedEditorRenderState: 0
  m_MinimumChartSize: 4
  m_AutoUVMaxDistance: 0.5
  m_AutoUVMaxAngle: 89
  m_LightmapParameters: {fileID: 0}
  m_SortingLayerID: -193564669
  m_SortingLayer: -1
  m_SortingOrder: 0
  m_Sprite: {fileID: 21300000, guid: b23bbb269b6cad74baa27fc3b39cebdb, type: 3}
  m_Color: {r: 0.7169812, g: 0.7169812, b: 0.7169812, a: 1}
  m_FlipX: 0
  m_FlipY: 0
  m_DrawMode: 0
  m_Size: {x: 38.399998, y: 21.599998}
  m_AdaptiveModeThreshold: 0.5
  m_SpriteTileMode: 0
  m_WasSpriteAssigned: 1
  m_MaskInteraction: 0
  m_SpriteSortPoint: 0
--- !u!1001 &476243087
Prefab:
  m_ObjectHideFlags: 0
  serializedVersion: 2
  m_Modification:
    m_TransformParent: {fileID: 1862383585}
    m_Modifications:
    - target: {fileID: 4171689375429018, guid: 2e31a24171e5b67469c5730954d413ff, type: 2}
      propertyPath: m_LocalPosition.x
      value: 0
      objectReference: {fileID: 0}
    - target: {fileID: 4171689375429018, guid: 2e31a24171e5b67469c5730954d413ff, type: 2}
      propertyPath: m_LocalPosition.y
      value: 0
      objectReference: {fileID: 0}
    - target: {fileID: 4171689375429018, guid: 2e31a24171e5b67469c5730954d413ff, type: 2}
      propertyPath: m_LocalPosition.z
      value: 0
      objectReference: {fileID: 0}
    - target: {fileID: 4171689375429018, guid: 2e31a24171e5b67469c5730954d413ff, type: 2}
      propertyPath: m_LocalRotation.x
      value: -0
      objectReference: {fileID: 0}
    - target: {fileID: 4171689375429018, guid: 2e31a24171e5b67469c5730954d413ff, type: 2}
      propertyPath: m_LocalRotation.y
      value: -0
      objectReference: {fileID: 0}
    - target: {fileID: 4171689375429018, guid: 2e31a24171e5b67469c5730954d413ff, type: 2}
      propertyPath: m_LocalRotation.z
      value: -0
      objectReference: {fileID: 0}
    - target: {fileID: 4171689375429018, guid: 2e31a24171e5b67469c5730954d413ff, type: 2}
      propertyPath: m_LocalRotation.w
      value: 1
      objectReference: {fileID: 0}
    - target: {fileID: 4171689375429018, guid: 2e31a24171e5b67469c5730954d413ff, type: 2}
      propertyPath: m_RootOrder
      value: 6
      objectReference: {fileID: 0}
    - target: {fileID: 1359232059334150, guid: 2e31a24171e5b67469c5730954d413ff, type: 2}
      propertyPath: m_IsActive
      value: 0
      objectReference: {fileID: 0}
    m_RemovedComponents: []
  m_SourcePrefab: {fileID: 100100000, guid: 2e31a24171e5b67469c5730954d413ff, type: 2}
  m_IsPrefabAsset: 0
--- !u!4 &476243088 stripped
Transform:
  m_CorrespondingSourceObject: {fileID: 4171689375429018, guid: 2e31a24171e5b67469c5730954d413ff,
    type: 2}
  m_PrefabInternal: {fileID: 476243087}
--- !u!4 &598107200 stripped
Transform:
  m_CorrespondingSourceObject: {fileID: 4352871304621798, guid: 04fb02a255f449b41bf803888bd4909e,
    type: 2}
  m_PrefabInternal: {fileID: 229373822}
--- !u!1 &602427792
GameObject:
  m_ObjectHideFlags: 0
  m_CorrespondingSourceObject: {fileID: 1580533676140696, guid: 850b86aab8aa72b4588ede6ced2d4cf6,
    type: 2}
  m_PrefabInternal: {fileID: 0}
  serializedVersion: 6
  m_Component:
  - component: {fileID: 602427797}
  - component: {fileID: 602427796}
  - component: {fileID: 602427795}
  - component: {fileID: 602427794}
  - component: {fileID: 602427793}
  - component: {fileID: 602427798}
  m_Layer: 0
  m_Name: Player
  m_TagString: Player
  m_Icon: {fileID: 0}
  m_NavMeshLayer: 0
  m_StaticEditorFlags: 0
  m_IsActive: 0
--- !u!114 &602427793
MonoBehaviour:
  m_ObjectHideFlags: 0
  m_CorrespondingSourceObject: {fileID: 114238541765647068, guid: 850b86aab8aa72b4588ede6ced2d4cf6,
    type: 2}
  m_PrefabInternal: {fileID: 0}
  m_GameObject: {fileID: 602427792}
  m_Enabled: 1
  m_EditorHideFlags: 0
  m_Script: {fileID: 11500000, guid: 292c1cc0eff93684ca54fe22f29e5fd8, type: 3}
  m_Name: 
  m_EditorClassIdentifier: 
  speed: 10
  jumpSpeed: 10
--- !u!61 &602427794
BoxCollider2D:
  m_ObjectHideFlags: 0
  m_CorrespondingSourceObject: {fileID: 61065168048570052, guid: 850b86aab8aa72b4588ede6ced2d4cf6,
    type: 2}
  m_PrefabInternal: {fileID: 0}
  m_GameObject: {fileID: 602427792}
  m_Enabled: 1
  m_Density: 1
  m_Material: {fileID: 0}
  m_IsTrigger: 0
  m_UsedByEffector: 0
  m_UsedByComposite: 0
  m_Offset: {x: 0, y: 0}
  m_SpriteTilingProperty:
    border: {x: 0, y: 0, z: 0, w: 0}
    pivot: {x: 0.5, y: 0.5}
    oldSize: {x: 0.96, y: 3.5}
    newSize: {x: 0.96, y: 3.5}
    adaptiveTilingThreshold: 0.5
    drawMode: 0
    adaptiveTiling: 0
  m_AutoTiling: 0
  serializedVersion: 2
  m_Size: {x: 0.96, y: 3.5}
  m_EdgeRadius: 0
--- !u!212 &602427795
SpriteRenderer:
  m_ObjectHideFlags: 0
  m_CorrespondingSourceObject: {fileID: 212101279755722726, guid: 850b86aab8aa72b4588ede6ced2d4cf6,
    type: 2}
  m_PrefabInternal: {fileID: 0}
  m_GameObject: {fileID: 602427792}
  m_Enabled: 0
  m_CastShadows: 0
  m_ReceiveShadows: 0
  m_DynamicOccludee: 1
  m_MotionVectors: 1
  m_LightProbeUsage: 1
  m_ReflectionProbeUsage: 1
  m_RenderingLayerMask: 4294967295
  m_Materials:
  - {fileID: 10754, guid: 0000000000000000f000000000000000, type: 0}
  m_StaticBatchInfo:
    firstSubMesh: 0
    subMeshCount: 0
  m_StaticBatchRoot: {fileID: 0}
  m_ProbeAnchor: {fileID: 0}
  m_LightProbeVolumeOverride: {fileID: 0}
  m_ScaleInLightmap: 1
  m_PreserveUVs: 0
  m_IgnoreNormalsForChartDetection: 0
  m_ImportantGI: 0
  m_StitchLightmapSeams: 0
  m_SelectedEditorRenderState: 0
  m_MinimumChartSize: 4
  m_AutoUVMaxDistance: 0.5
  m_AutoUVMaxAngle: 89
  m_LightmapParameters: {fileID: 0}
  m_SortingLayerID: 0
  m_SortingLayer: 0
  m_SortingOrder: 0
  m_Sprite: {fileID: 21300000, guid: 1eb65406a603c7e43836ecac5da36bd5, type: 3}
  m_Color: {r: 1, g: 1, b: 1, a: 1}
  m_FlipX: 0
  m_FlipY: 0
  m_DrawMode: 0
  m_Size: {x: 0.96, y: 3.5}
  m_AdaptiveModeThreshold: 0.5
  m_SpriteTileMode: 0
  m_WasSpriteAssigned: 1
  m_MaskInteraction: 0
  m_SpriteSortPoint: 0
--- !u!50 &602427796
Rigidbody2D:
  serializedVersion: 4
  m_ObjectHideFlags: 0
  m_CorrespondingSourceObject: {fileID: 50758887632865156, guid: 850b86aab8aa72b4588ede6ced2d4cf6,
    type: 2}
  m_PrefabInternal: {fileID: 0}
  m_GameObject: {fileID: 602427792}
  m_BodyType: 0
  m_Simulated: 1
  m_UseFullKinematicContacts: 0
  m_UseAutoMass: 1
  m_Mass: 1
  m_LinearDrag: 0
  m_AngularDrag: 0.05
  m_GravityScale: 0
  m_Material: {fileID: 0}
  m_Interpolate: 0
  m_SleepingMode: 1
  m_CollisionDetection: 0
  m_Constraints: 0
--- !u!4 &602427797
Transform:
  m_ObjectHideFlags: 0
  m_CorrespondingSourceObject: {fileID: 4202434723052438, guid: 850b86aab8aa72b4588ede6ced2d4cf6,
    type: 2}
  m_PrefabInternal: {fileID: 0}
  m_GameObject: {fileID: 602427792}
  m_LocalRotation: {x: -0, y: -0, z: -0, w: 1}
  m_LocalPosition: {x: -1180.5492, y: -24.20797, z: 18.296875}
  m_LocalScale: {x: 1, y: 1, z: 1}
  m_Children: []
  m_Father: {fileID: 1498304036}
  m_RootOrder: 1
  m_LocalEulerAnglesHint: {x: 0, y: 0, z: 0}
--- !u!114 &602427798
MonoBehaviour:
  m_ObjectHideFlags: 0
  m_CorrespondingSourceObject: {fileID: 0}
  m_PrefabInternal: {fileID: 0}
  m_GameObject: {fileID: 602427792}
  m_Enabled: 1
  m_EditorHideFlags: 0
  m_Script: {fileID: 11500000, guid: 2d58f7542d23c8549b67eff4cc48aab0, type: 3}
  m_Name: 
  m_EditorClassIdentifier: 
  isInRange: 0
  isStillIn: 0
  isSpeed: 0
  upSpeed: 0
  sideSpeed: 0
  orbSpeed: 1
  player: {fileID: 602427792}
  colObject: {fileID: 0}
  colObject2: {fileID: 0}
  colObject3: {fileID: 0}
  colObject4: {fileID: 0}
  objPosition: {x: 0, y: 0}
  objPosition2: {x: 0, y: 0}
--- !u!1 &766000826
GameObject:
  m_ObjectHideFlags: 0
  m_CorrespondingSourceObject: {fileID: 1374613903264156, guid: 850b86aab8aa72b4588ede6ced2d4cf6,
    type: 2}
  m_PrefabInternal: {fileID: 0}
  serializedVersion: 6
  m_Component:
  - component: {fileID: 766000827}
  - component: {fileID: 766000830}
  - component: {fileID: 766000829}
  - component: {fileID: 766000828}
  m_Layer: 9
  m_Name: GuideBarUp
  m_TagString: Untagged
  m_Icon: {fileID: 0}
  m_NavMeshLayer: 0
  m_StaticEditorFlags: 0
  m_IsActive: 1
--- !u!4 &766000827
Transform:
  m_ObjectHideFlags: 0
  m_CorrespondingSourceObject: {fileID: 4055249384485084, guid: 850b86aab8aa72b4588ede6ced2d4cf6,
    type: 2}
  m_PrefabInternal: {fileID: 0}
  m_GameObject: {fileID: 766000826}
  m_LocalRotation: {x: -0, y: -0.045919385, z: -0, w: 0.9989451}
  m_LocalPosition: {x: -155.1, y: 65, z: -13.19266}
  m_LocalScale: {x: 600, y: 50, z: 300}
  m_Children: []
  m_Father: {fileID: 1449524594}
  m_RootOrder: 2
  m_LocalEulerAnglesHint: {x: 0, y: -5.2640004, z: 0}
--- !u!61 &766000828
BoxCollider2D:
  m_ObjectHideFlags: 0
  m_CorrespondingSourceObject: {fileID: 61887971238257254, guid: 850b86aab8aa72b4588ede6ced2d4cf6,
    type: 2}
  m_PrefabInternal: {fileID: 0}
  m_GameObject: {fileID: 766000826}
  m_Enabled: 1
  m_Density: 1
  m_Material: {fileID: 0}
  m_IsTrigger: 0
  m_UsedByEffector: 0
  m_UsedByComposite: 0
  m_Offset: {x: 0, y: 0}
  m_SpriteTilingProperty:
    border: {x: 0, y: 0, z: 0, w: 0}
    pivot: {x: 0, y: 0}
    oldSize: {x: 0, y: 0}
    newSize: {x: 0, y: 0}
    adaptiveTilingThreshold: 0
    drawMode: 0
    adaptiveTiling: 0
  m_AutoTiling: 0
  serializedVersion: 2
  m_Size: {x: 1, y: 0.99999994}
  m_EdgeRadius: 0
--- !u!23 &766000829
MeshRenderer:
  m_ObjectHideFlags: 0
  m_CorrespondingSourceObject: {fileID: 23976813828993590, guid: 850b86aab8aa72b4588ede6ced2d4cf6,
    type: 2}
  m_PrefabInternal: {fileID: 0}
  m_GameObject: {fileID: 766000826}
  m_Enabled: 0
  m_CastShadows: 1
  m_ReceiveShadows: 1
  m_DynamicOccludee: 1
  m_MotionVectors: 1
  m_LightProbeUsage: 1
  m_ReflectionProbeUsage: 1
  m_RenderingLayerMask: 4294967295
  m_Materials:
  - {fileID: 10303, guid: 0000000000000000f000000000000000, type: 0}
  m_StaticBatchInfo:
    firstSubMesh: 0
    subMeshCount: 0
  m_StaticBatchRoot: {fileID: 0}
  m_ProbeAnchor: {fileID: 0}
  m_LightProbeVolumeOverride: {fileID: 0}
  m_ScaleInLightmap: 1
  m_PreserveUVs: 0
  m_IgnoreNormalsForChartDetection: 0
  m_ImportantGI: 0
  m_StitchLightmapSeams: 0
  m_SelectedEditorRenderState: 3
  m_MinimumChartSize: 4
  m_AutoUVMaxDistance: 0.5
  m_AutoUVMaxAngle: 89
  m_LightmapParameters: {fileID: 0}
  m_SortingLayerID: 0
  m_SortingLayer: 0
  m_SortingOrder: 0
--- !u!33 &766000830
MeshFilter:
  m_ObjectHideFlags: 0
  m_CorrespondingSourceObject: {fileID: 33702780759408068, guid: 850b86aab8aa72b4588ede6ced2d4cf6,
    type: 2}
  m_PrefabInternal: {fileID: 0}
  m_GameObject: {fileID: 766000826}
  m_Mesh: {fileID: 10202, guid: 0000000000000000e000000000000000, type: 0}
--- !u!1 &818136439
GameObject:
  m_ObjectHideFlags: 0
  m_CorrespondingSourceObject: {fileID: 1352797144446344, guid: 48cfdafdd0e66bd45a634a3643557ccd,
    type: 2}
  m_PrefabInternal: {fileID: 0}
  serializedVersion: 6
  m_Component:
  - component: {fileID: 818136440}
  - component: {fileID: 818136441}
  m_Layer: 0
  m_Name: Directional Light
  m_TagString: Untagged
  m_Icon: {fileID: 0}
  m_NavMeshLayer: 0
  m_StaticEditorFlags: 0
  m_IsActive: 1
--- !u!4 &818136440
Transform:
  m_ObjectHideFlags: 0
  m_CorrespondingSourceObject: {fileID: 4272892341680344, guid: 48cfdafdd0e66bd45a634a3643557ccd,
    type: 2}
  m_PrefabInternal: {fileID: 0}
  m_GameObject: {fileID: 818136439}
  m_LocalRotation: {x: -0, y: -0, z: -0, w: 1}
  m_LocalPosition: {x: 2.5199997, y: 3.34, z: -4.3600006}
  m_LocalScale: {x: 1, y: 1, z: 1}
  m_Children: []
  m_Father: {fileID: 0}
  m_RootOrder: 0
  m_LocalEulerAnglesHint: {x: 0, y: 0, z: 0}
--- !u!108 &818136441
Light:
  m_ObjectHideFlags: 0
  m_CorrespondingSourceObject: {fileID: 108391813172191454, guid: 48cfdafdd0e66bd45a634a3643557ccd,
    type: 2}
  m_PrefabInternal: {fileID: 0}
  m_GameObject: {fileID: 818136439}
  m_Enabled: 1
  serializedVersion: 8
  m_Type: 1
  m_Color: {r: 1, g: 1, b: 1, a: 1}
  m_Intensity: 0.75
  m_Range: 10
  m_SpotAngle: 30
  m_CookieSize: 10
  m_Shadows:
    m_Type: 2
    m_Resolution: -1
    m_CustomResolution: -1
    m_Strength: 1
    m_Bias: 0.05
    m_NormalBias: 0.4
    m_NearPlane: 0.2
  m_Cookie: {fileID: 0}
  m_DrawHalo: 0
  m_Flare: {fileID: 0}
  m_RenderMode: 0
  m_CullingMask:
    serializedVersion: 2
    m_Bits: 4294967295
  m_Lightmapping: 4
  m_LightShadowCasterMode: 0
  m_AreaSize: {x: 1, y: 1}
  m_BounceIntensity: 1
  m_ColorTemperature: 6570
  m_UseColorTemperature: 0
  m_ShadowRadius: 0
  m_ShadowAngle: 0
--- !u!1001 &827693961
Prefab:
  m_ObjectHideFlags: 0
  serializedVersion: 2
  m_Modification:
    m_TransformParent: {fileID: 1777833757}
    m_Modifications:
    - target: {fileID: 4216466477216574, guid: cd2ee8ec88407644eb5bad84ad9241ad, type: 2}
      propertyPath: m_LocalPosition.x
      value: 30.1
      objectReference: {fileID: 0}
    - target: {fileID: 4216466477216574, guid: cd2ee8ec88407644eb5bad84ad9241ad, type: 2}
      propertyPath: m_LocalPosition.y
      value: -9.2
      objectReference: {fileID: 0}
    - target: {fileID: 4216466477216574, guid: cd2ee8ec88407644eb5bad84ad9241ad, type: 2}
      propertyPath: m_LocalPosition.z
      value: 0
      objectReference: {fileID: 0}
    - target: {fileID: 4216466477216574, guid: cd2ee8ec88407644eb5bad84ad9241ad, type: 2}
      propertyPath: m_LocalRotation.x
      value: -0
      objectReference: {fileID: 0}
    - target: {fileID: 4216466477216574, guid: cd2ee8ec88407644eb5bad84ad9241ad, type: 2}
      propertyPath: m_LocalRotation.y
      value: -0
      objectReference: {fileID: 0}
    - target: {fileID: 4216466477216574, guid: cd2ee8ec88407644eb5bad84ad9241ad, type: 2}
      propertyPath: m_LocalRotation.z
      value: -0
      objectReference: {fileID: 0}
    - target: {fileID: 4216466477216574, guid: cd2ee8ec88407644eb5bad84ad9241ad, type: 2}
      propertyPath: m_LocalRotation.w
      value: 1
      objectReference: {fileID: 0}
    - target: {fileID: 4216466477216574, guid: cd2ee8ec88407644eb5bad84ad9241ad, type: 2}
      propertyPath: m_RootOrder
      value: 3
      objectReference: {fileID: 0}
    m_RemovedComponents:
    - {fileID: 0}
  m_SourcePrefab: {fileID: 100100000, guid: cd2ee8ec88407644eb5bad84ad9241ad, type: 2}
  m_IsPrefabAsset: 0
--- !u!1 &978605289
GameObject:
  m_ObjectHideFlags: 0
  m_CorrespondingSourceObject: {fileID: 1260413788239772, guid: 850b86aab8aa72b4588ede6ced2d4cf6,
    type: 2}
  m_PrefabInternal: {fileID: 0}
  serializedVersion: 6
  m_Component:
  - component: {fileID: 978605290}
  - component: {fileID: 978605295}
  - component: {fileID: 978605294}
  - component: {fileID: 978605293}
  - component: {fileID: 978605292}
  - component: {fileID: 978605291}
  m_Layer: 0
  m_Name: Main Camera
  m_TagString: MainCamera
  m_Icon: {fileID: 0}
  m_NavMeshLayer: 0
  m_StaticEditorFlags: 0
  m_IsActive: 1
--- !u!4 &978605290
Transform:
  m_ObjectHideFlags: 0
  m_CorrespondingSourceObject: {fileID: 4542667692929682, guid: 850b86aab8aa72b4588ede6ced2d4cf6,
    type: 2}
  m_PrefabInternal: {fileID: 0}
  m_GameObject: {fileID: 978605289}
  m_LocalRotation: {x: -0, y: -0, z: -0, w: 1}
  m_LocalPosition: {x: 0, y: 0, z: 0}
  m_LocalScale: {x: 1, y: 1, z: 1}
  m_Children:
  - {fileID: 422454966}
  - {fileID: 1998142750}
  m_Father: {fileID: 1498304036}
  m_RootOrder: 2
  m_LocalEulerAnglesHint: {x: 0, y: 0, z: 0}
--- !u!45 &978605291
Skybox:
  m_ObjectHideFlags: 0
  m_CorrespondingSourceObject: {fileID: 45697270404765218, guid: 850b86aab8aa72b4588ede6ced2d4cf6,
    type: 2}
  m_PrefabInternal: {fileID: 0}
  m_GameObject: {fileID: 978605289}
  m_Enabled: 0
  m_CustomSkybox: {fileID: 2100000, guid: 6cfe7d8c1a47d2a4cb60ff2329771ddb, type: 2}
--- !u!82 &978605292
AudioSource:
  m_ObjectHideFlags: 0
  m_CorrespondingSourceObject: {fileID: 82269752021342410, guid: 850b86aab8aa72b4588ede6ced2d4cf6,
    type: 2}
  m_PrefabInternal: {fileID: 0}
  m_GameObject: {fileID: 978605289}
  m_Enabled: 1
  serializedVersion: 4
  OutputAudioMixerGroup: {fileID: 0}
  m_audioClip: {fileID: 8300000, guid: 5d7c45388c1e9974cb713e07b90f5089, type: 3}
  m_PlayOnAwake: 1
  m_Volume: 1
  m_Pitch: 1
  Loop: 0
  Mute: 0
  Spatialize: 0
  SpatializePostEffects: 0
  Priority: 128
  DopplerLevel: 1
  MinDistance: 1
  MaxDistance: 500
  Pan2D: 0
  rolloffMode: 0
  BypassEffects: 0
  BypassListenerEffects: 0
  BypassReverbZones: 0
  rolloffCustomCurve:
    serializedVersion: 2
    m_Curve:
    - serializedVersion: 3
      time: 0
      value: 1
      inSlope: 0
      outSlope: 0
      tangentMode: 0
      weightedMode: 0
      inWeight: 0.33333334
      outWeight: 0.33333334
    - serializedVersion: 3
      time: 1
      value: 0
      inSlope: 0
      outSlope: 0
      tangentMode: 0
      weightedMode: 0
      inWeight: 0.33333334
      outWeight: 0.33333334
    m_PreInfinity: 2
    m_PostInfinity: 2
    m_RotationOrder: 4
  panLevelCustomCurve:
    serializedVersion: 2
    m_Curve:
    - serializedVersion: 3
      time: 0
      value: 0
      inSlope: 0
      outSlope: 0
      tangentMode: 0
      weightedMode: 0
      inWeight: 0.33333334
      outWeight: 0.33333334
    m_PreInfinity: 2
    m_PostInfinity: 2
    m_RotationOrder: 4
  spreadCustomCurve:
    serializedVersion: 2
    m_Curve:
    - serializedVersion: 3
      time: 0
      value: 0
      inSlope: 0
      outSlope: 0
      tangentMode: 0
      weightedMode: 0
      inWeight: 0.33333334
      outWeight: 0.33333334
    m_PreInfinity: 2
    m_PostInfinity: 2
    m_RotationOrder: 4
  reverbZoneMixCustomCurve:
    serializedVersion: 2
    m_Curve:
    - serializedVersion: 3
      time: 0
      value: 1
      inSlope: 0
      outSlope: 0
      tangentMode: 0
      weightedMode: 0
      inWeight: 0.33333334
      outWeight: 0.33333334
    m_PreInfinity: 2
    m_PostInfinity: 2
    m_RotationOrder: 4
--- !u!114 &978605293
MonoBehaviour:
  m_ObjectHideFlags: 0
  m_CorrespondingSourceObject: {fileID: 114936157020086038, guid: 850b86aab8aa72b4588ede6ced2d4cf6,
    type: 2}
  m_PrefabInternal: {fileID: 0}
  m_GameObject: {fileID: 978605289}
  m_Enabled: 1
  m_EditorHideFlags: 0
  m_Script: {fileID: 11500000, guid: e19dd515671805444af09efb463bac87, type: 3}
  m_Name: 
  m_EditorClassIdentifier: 
  player: {fileID: 602427792}
  smoothTimeX: 0.1
  smoothTimeY: 0.1
  bounds: 1
  minCameraPos: {x: 0, y: 0, z: 0}
  maxCameraPos: {x: 0, y: 0, z: 0}
--- !u!81 &978605294
AudioListener:
  m_ObjectHideFlags: 0
  m_CorrespondingSourceObject: {fileID: 81706121832486934, guid: 850b86aab8aa72b4588ede6ced2d4cf6,
    type: 2}
  m_PrefabInternal: {fileID: 0}
  m_GameObject: {fileID: 978605289}
  m_Enabled: 1
--- !u!20 &978605295
Camera:
  m_ObjectHideFlags: 0
  m_CorrespondingSourceObject: {fileID: 20329118593601136, guid: 850b86aab8aa72b4588ede6ced2d4cf6,
    type: 2}
  m_PrefabInternal: {fileID: 0}
  m_GameObject: {fileID: 978605289}
  m_Enabled: 1
  serializedVersion: 2
  m_ClearFlags: 1
  m_BackGroundColor: {r: 0.19215687, g: 0.3019608, b: 0.4745098, a: 0}
  m_projectionMatrixMode: 1
  m_SensorSize: {x: 36, y: 24}
  m_LensShift: {x: 0, y: 0}
  m_FocalLength: 50
  m_NormalizedViewPortRect:
    serializedVersion: 2
    x: 0
    y: 0
    width: 1
    height: 1
  near clip plane: -500
  far clip plane: 500
  field of view: 60
  orthographic: 1
  orthographic size: 14.07
  m_Depth: -1
  m_CullingMask:
    serializedVersion: 2
    m_Bits: 4294967295
  m_RenderingPath: -1
  m_TargetTexture: {fileID: 0}
  m_TargetDisplay: 0
  m_TargetEye: 3
  m_HDR: 1
  m_AllowMSAA: 1
  m_AllowDynamicResolution: 0
  m_ForceIntoRT: 0
  m_OcclusionCulling: 1
  m_StereoConvergence: 10
  m_StereoSeparation: 0.022
--- !u!1001 &995692484
Prefab:
  m_ObjectHideFlags: 0
  serializedVersion: 2
  m_Modification:
    m_TransformParent: {fileID: 0}
    m_Modifications:
    - target: {fileID: 4752913258300644, guid: 501e5b46724f6d343a7419616d55d336, type: 2}
      propertyPath: m_LocalRotation.x
      value: 0
      objectReference: {fileID: 0}
    - target: {fileID: 4752913258300644, guid: 501e5b46724f6d343a7419616d55d336, type: 2}
      propertyPath: m_LocalRotation.y
      value: 0
      objectReference: {fileID: 0}
    - target: {fileID: 4752913258300644, guid: 501e5b46724f6d343a7419616d55d336, type: 2}
      propertyPath: m_LocalRotation.z
      value: 0
      objectReference: {fileID: 0}
    - target: {fileID: 4752913258300644, guid: 501e5b46724f6d343a7419616d55d336, type: 2}
      propertyPath: m_LocalRotation.w
      value: 1
      objectReference: {fileID: 0}
    - target: {fileID: 4752913258300644, guid: 501e5b46724f6d343a7419616d55d336, type: 2}
      propertyPath: m_RootOrder
      value: 1
      objectReference: {fileID: 0}
    - target: {fileID: 50995902271915980, guid: 501e5b46724f6d343a7419616d55d336,
        type: 2}
      propertyPath: m_Mass
      value: 50.265484
      objectReference: {fileID: 0}
    - target: {fileID: 212087843210277032, guid: 501e5b46724f6d343a7419616d55d336,
        type: 2}
      propertyPath: m_Color.r
      value: 0.759434
      objectReference: {fileID: 0}
    - target: {fileID: 212087843210277032, guid: 501e5b46724f6d343a7419616d55d336,
        type: 2}
      propertyPath: m_Color.g
      value: 1
      objectReference: {fileID: 0}
    - target: {fileID: 212087843210277032, guid: 501e5b46724f6d343a7419616d55d336,
        type: 2}
      propertyPath: m_Color.b
      value: 0.9878405
      objectReference: {fileID: 0}
    m_RemovedComponents: []
  m_SourcePrefab: {fileID: 100100000, guid: 501e5b46724f6d343a7419616d55d336, type: 2}
  m_IsPrefabAsset: 0
--- !u!1001 &1034793846
Prefab:
  m_ObjectHideFlags: 0
  serializedVersion: 2
  m_Modification:
    m_TransformParent: {fileID: 1862383585}
    m_Modifications:
    - target: {fileID: 4008251278364732, guid: f3cf2764f0ef20e4984857b3443d1e99, type: 2}
      propertyPath: m_LocalPosition.x
      value: 40.2
      objectReference: {fileID: 0}
    - target: {fileID: 4008251278364732, guid: f3cf2764f0ef20e4984857b3443d1e99, type: 2}
      propertyPath: m_LocalPosition.y
      value: 33.8
      objectReference: {fileID: 0}
    - target: {fileID: 4008251278364732, guid: f3cf2764f0ef20e4984857b3443d1e99, type: 2}
      propertyPath: m_LocalPosition.z
      value: 0
      objectReference: {fileID: 0}
    - target: {fileID: 4008251278364732, guid: f3cf2764f0ef20e4984857b3443d1e99, type: 2}
      propertyPath: m_LocalRotation.x
      value: -0
      objectReference: {fileID: 0}
    - target: {fileID: 4008251278364732, guid: f3cf2764f0ef20e4984857b3443d1e99, type: 2}
      propertyPath: m_LocalRotation.y
      value: -0
      objectReference: {fileID: 0}
    - target: {fileID: 4008251278364732, guid: f3cf2764f0ef20e4984857b3443d1e99, type: 2}
      propertyPath: m_LocalRotation.z
      value: -0
      objectReference: {fileID: 0}
    - target: {fileID: 4008251278364732, guid: f3cf2764f0ef20e4984857b3443d1e99, type: 2}
      propertyPath: m_LocalRotation.w
      value: 1
      objectReference: {fileID: 0}
    - target: {fileID: 4008251278364732, guid: f3cf2764f0ef20e4984857b3443d1e99, type: 2}
      propertyPath: m_RootOrder
      value: 0
      objectReference: {fileID: 0}
    - target: {fileID: 4008251278364732, guid: f3cf2764f0ef20e4984857b3443d1e99, type: 2}
      propertyPath: m_LocalScale.x
      value: 3.6351
      objectReference: {fileID: 0}
    - target: {fileID: 4008251278364732, guid: f3cf2764f0ef20e4984857b3443d1e99, type: 2}
      propertyPath: m_LocalScale.y
      value: 3.6351
      objectReference: {fileID: 0}
    - target: {fileID: 4008251278364732, guid: f3cf2764f0ef20e4984857b3443d1e99, type: 2}
      propertyPath: m_LocalScale.z
      value: 3.6351
      objectReference: {fileID: 0}
    m_RemovedComponents: []
  m_SourcePrefab: {fileID: 100100000, guid: f3cf2764f0ef20e4984857b3443d1e99, type: 2}
  m_IsPrefabAsset: 0
--- !u!4 &1034793847 stripped
Transform:
  m_CorrespondingSourceObject: {fileID: 4008251278364732, guid: f3cf2764f0ef20e4984857b3443d1e99,
    type: 2}
  m_PrefabInternal: {fileID: 1034793846}
--- !u!1001 &1125115496
Prefab:
  m_ObjectHideFlags: 0
  serializedVersion: 2
  m_Modification:
    m_TransformParent: {fileID: 1777833757}
    m_Modifications:
    - target: {fileID: 4135876534054380, guid: a1070a78a47bc7a488d6632972448d30, type: 2}
      propertyPath: m_LocalPosition.x
      value: 0
      objectReference: {fileID: 0}
    - target: {fileID: 4135876534054380, guid: a1070a78a47bc7a488d6632972448d30, type: 2}
      propertyPath: m_LocalPosition.y
      value: 0
      objectReference: {fileID: 0}
    - target: {fileID: 4135876534054380, guid: a1070a78a47bc7a488d6632972448d30, type: 2}
      propertyPath: m_LocalPosition.z
      value: 0
      objectReference: {fileID: 0}
    - target: {fileID: 4135876534054380, guid: a1070a78a47bc7a488d6632972448d30, type: 2}
      propertyPath: m_LocalRotation.x
      value: 0
      objectReference: {fileID: 0}
    - target: {fileID: 4135876534054380, guid: a1070a78a47bc7a488d6632972448d30, type: 2}
      propertyPath: m_LocalRotation.y
      value: 0
      objectReference: {fileID: 0}
    - target: {fileID: 4135876534054380, guid: a1070a78a47bc7a488d6632972448d30, type: 2}
      propertyPath: m_LocalRotation.z
      value: 0
      objectReference: {fileID: 0}
    - target: {fileID: 4135876534054380, guid: a1070a78a47bc7a488d6632972448d30, type: 2}
      propertyPath: m_LocalRotation.w
      value: 1
      objectReference: {fileID: 0}
    - target: {fileID: 4135876534054380, guid: a1070a78a47bc7a488d6632972448d30, type: 2}
      propertyPath: m_RootOrder
      value: 0
      objectReference: {fileID: 0}
    m_RemovedComponents: []
  m_SourcePrefab: {fileID: 100100000, guid: a1070a78a47bc7a488d6632972448d30, type: 2}
  m_IsPrefabAsset: 0
--- !u!1001 &1317809385
Prefab:
  m_ObjectHideFlags: 0
  serializedVersion: 2
  m_Modification:
    m_TransformParent: {fileID: 1862383585}
    m_Modifications:
    - target: {fileID: 4689719788253118, guid: e2805de5d6f1368489cf59c504fa9129, type: 2}
      propertyPath: m_LocalPosition.x
      value: 0
      objectReference: {fileID: 0}
    - target: {fileID: 4689719788253118, guid: e2805de5d6f1368489cf59c504fa9129, type: 2}
      propertyPath: m_LocalPosition.y
      value: 0
      objectReference: {fileID: 0}
    - target: {fileID: 4689719788253118, guid: e2805de5d6f1368489cf59c504fa9129, type: 2}
      propertyPath: m_LocalPosition.z
      value: 0
      objectReference: {fileID: 0}
    - target: {fileID: 4689719788253118, guid: e2805de5d6f1368489cf59c504fa9129, type: 2}
      propertyPath: m_LocalRotation.x
      value: -0
      objectReference: {fileID: 0}
    - target: {fileID: 4689719788253118, guid: e2805de5d6f1368489cf59c504fa9129, type: 2}
      propertyPath: m_LocalRotation.y
      value: -0
      objectReference: {fileID: 0}
    - target: {fileID: 4689719788253118, guid: e2805de5d6f1368489cf59c504fa9129, type: 2}
      propertyPath: m_LocalRotation.z
      value: -0
      objectReference: {fileID: 0}
    - target: {fileID: 4689719788253118, guid: e2805de5d6f1368489cf59c504fa9129, type: 2}
      propertyPath: m_LocalRotation.w
      value: 1
      objectReference: {fileID: 0}
    - target: {fileID: 4689719788253118, guid: e2805de5d6f1368489cf59c504fa9129, type: 2}
      propertyPath: m_RootOrder
      value: 5
      objectReference: {fileID: 0}
    - target: {fileID: 1499343868810252, guid: e2805de5d6f1368489cf59c504fa9129, type: 2}
      propertyPath: m_IsActive
      value: 0
      objectReference: {fileID: 0}
    m_RemovedComponents: []
  m_SourcePrefab: {fileID: 100100000, guid: e2805de5d6f1368489cf59c504fa9129, type: 2}
  m_IsPrefabAsset: 0
--- !u!4 &1317809386 stripped
Transform:
  m_CorrespondingSourceObject: {fileID: 4689719788253118, guid: e2805de5d6f1368489cf59c504fa9129,
    type: 2}
  m_PrefabInternal: {fileID: 1317809385}
--- !u!1 &1379217948
GameObject:
  m_ObjectHideFlags: 0
  m_CorrespondingSourceObject: {fileID: 1153255787321952, guid: 850b86aab8aa72b4588ede6ced2d4cf6,
    type: 2}
  m_PrefabInternal: {fileID: 0}
  serializedVersion: 6
  m_Component:
  - component: {fileID: 1379217949}
  - component: {fileID: 1379217950}
  m_Layer: 0
  m_Name: GameController
  m_TagString: Untagged
  m_Icon: {fileID: 0}
  m_NavMeshLayer: 0
  m_StaticEditorFlags: 0
  m_IsActive: 1
--- !u!4 &1379217949
Transform:
  m_ObjectHideFlags: 0
  m_CorrespondingSourceObject: {fileID: 4650201336408256, guid: 850b86aab8aa72b4588ede6ced2d4cf6,
    type: 2}
  m_PrefabInternal: {fileID: 0}
  m_GameObject: {fileID: 1379217948}
  m_LocalRotation: {x: -0, y: -0, z: -0, w: 1}
  m_LocalPosition: {x: 13.439209, y: -4.424309, z: -3.4455051}
  m_LocalScale: {x: 1, y: 1, z: 1}
  m_Children: []
  m_Father: {fileID: 1478990527}
  m_RootOrder: 0
  m_LocalEulerAnglesHint: {x: 0, y: 0, z: 0}
--- !u!114 &1379217950
MonoBehaviour:
  m_ObjectHideFlags: 0
  m_CorrespondingSourceObject: {fileID: 114227506169601558, guid: 850b86aab8aa72b4588ede6ced2d4cf6,
    type: 2}
  m_PrefabInternal: {fileID: 0}
  m_GameObject: {fileID: 1379217948}
  m_Enabled: 1
  m_EditorHideFlags: 0
  m_Script: {fileID: 11500000, guid: 4d07c428bbf5e41419aa0fa04836578d, type: 3}
  m_Name: 
  m_EditorClassIdentifier: 
  AsteroidPrefabs:
  - {fileID: 1268485291245488, guid: b710c5534a48fed48b927939cc7f6e09, type: 2}
  - {fileID: 1319278603809432, guid: d90c113576e9fad438c26f896228ac1c, type: 2}
  - {fileID: 1424035413254376, guid: 501e5b46724f6d343a7419616d55d336, type: 2}
  - {fileID: 1941271351103484, guid: 7030fb25d7d94f346a6841de1e8f43a1, type: 2}
  - {fileID: 1268485291245488, guid: b710c5534a48fed48b927939cc7f6e09, type: 2}
  - {fileID: 1268485291245488, guid: b710c5534a48fed48b927939cc7f6e09, type: 2}
  - {fileID: 1268485291245488, guid: b710c5534a48fed48b927939cc7f6e09, type: 2}
  - {fileID: 1513659963799544, guid: 6fbb20c270111b744b40e8c9d8bdba3a, type: 2}
  - {fileID: 1513659963799544, guid: 6fbb20c270111b744b40e8c9d8bdba3a, type: 2}
  - {fileID: 1678042217747786, guid: a1070a78a47bc7a488d6632972448d30, type: 2}
  - {fileID: 1368953596349282, guid: cd2ee8ec88407644eb5bad84ad9241ad, type: 2}
  SetSizePrefabs:
  - {fileID: 1311109738232648, guid: 5a1f7c98f9da0d5419da0a351b574d66, type: 2}
  - {fileID: 1409331595835074, guid: 8f2c659bcab11a04e807b2e007efa236, type: 2}
  - {fileID: 1869316401352248, guid: 787682978896e514a8481d0271ed8a00, type: 2}
  - {fileID: 1022355530148474, guid: f3cf2764f0ef20e4984857b3443d1e99, type: 2}
  - {fileID: 0}
  - {fileID: 0}
  - {fileID: 0}
  Snek: {fileID: 1416269709503254, guid: f33af9e7510126f4aa39624de610d415, type: 2}
  player: {fileID: 1478990526}
  Difficulty: 0
--- !u!1 &1443883371
GameObject:
  m_ObjectHideFlags: 0
  m_CorrespondingSourceObject: {fileID: 1511299529699772, guid: 48cfdafdd0e66bd45a634a3643557ccd,
    type: 2}
  m_PrefabInternal: {fileID: 0}
  serializedVersion: 6
  m_Component:
  - component: {fileID: 1443883372}
  - component: {fileID: 1443883373}
  m_Layer: 0
  m_Name: Sprite
  m_TagString: Untagged
  m_Icon: {fileID: 0}
  m_NavMeshLayer: 0
  m_StaticEditorFlags: 0
  m_IsActive: 1
--- !u!4 &1443883372
Transform:
  m_ObjectHideFlags: 0
  m_CorrespondingSourceObject: {fileID: 4281412082391538, guid: 48cfdafdd0e66bd45a634a3643557ccd,
    type: 2}
  m_PrefabInternal: {fileID: 0}
  m_GameObject: {fileID: 1443883371}
  m_LocalRotation: {x: -0, y: -0, z: -0, w: 1}
  m_LocalPosition: {x: 0, y: 0, z: 0}
  m_LocalScale: {x: 0.6, y: 0.6, z: 1}
  m_Children: []
  m_Father: {fileID: 1478990527}
  m_RootOrder: 1
  m_LocalEulerAnglesHint: {x: 0, y: 0, z: 0}
--- !u!212 &1443883373
SpriteRenderer:
  m_ObjectHideFlags: 0
  m_CorrespondingSourceObject: {fileID: 212318800352039466, guid: 48cfdafdd0e66bd45a634a3643557ccd,
    type: 2}
  m_PrefabInternal: {fileID: 0}
  m_GameObject: {fileID: 1443883371}
  m_Enabled: 1
  m_CastShadows: 0
  m_ReceiveShadows: 0
  m_DynamicOccludee: 1
  m_MotionVectors: 1
  m_LightProbeUsage: 1
  m_ReflectionProbeUsage: 1
  m_RenderingLayerMask: 4294967295
  m_Materials:
  - {fileID: 2100000, guid: 994b696b5e7303a4ba0202dc486a4e62, type: 2}
  m_StaticBatchInfo:
    firstSubMesh: 0
    subMeshCount: 0
  m_StaticBatchRoot: {fileID: 0}
  m_ProbeAnchor: {fileID: 0}
  m_LightProbeVolumeOverride: {fileID: 0}
  m_ScaleInLightmap: 1
  m_PreserveUVs: 0
  m_IgnoreNormalsForChartDetection: 0
  m_ImportantGI: 0
  m_StitchLightmapSeams: 0
  m_SelectedEditorRenderState: 0
  m_MinimumChartSize: 4
  m_AutoUVMaxDistance: 0.5
  m_AutoUVMaxAngle: 89
  m_LightmapParameters: {fileID: 0}
  m_SortingLayerID: 0
  m_SortingLayer: 0
  m_SortingOrder: 10
  m_Sprite: {fileID: 21300000, guid: 1eb65406a603c7e43836ecac5da36bd5, type: 3}
  m_Color: {r: 1, g: 1, b: 1, a: 1}
  m_FlipX: 0
  m_FlipY: 0
  m_DrawMode: 0
  m_Size: {x: 0.96, y: 3.5}
  m_AdaptiveModeThreshold: 0.5
  m_SpriteTileMode: 0
  m_WasSpriteAssigned: 1
  m_MaskInteraction: 0
  m_SpriteSortPoint: 0
--- !u!1001 &1444759993
Prefab:
  m_ObjectHideFlags: 0
  serializedVersion: 2
  m_Modification:
    m_TransformParent: {fileID: 1862383585}
    m_Modifications:
    - target: {fileID: 4625280597787356, guid: 09bb9c9354af1794a9cc15240bd3ed93, type: 2}
      propertyPath: m_LocalPosition.x
      value: 0
      objectReference: {fileID: 0}
    - target: {fileID: 4625280597787356, guid: 09bb9c9354af1794a9cc15240bd3ed93, type: 2}
      propertyPath: m_LocalPosition.y
      value: 0
      objectReference: {fileID: 0}
    - target: {fileID: 4625280597787356, guid: 09bb9c9354af1794a9cc15240bd3ed93, type: 2}
      propertyPath: m_LocalPosition.z
      value: 0
      objectReference: {fileID: 0}
    - target: {fileID: 4625280597787356, guid: 09bb9c9354af1794a9cc15240bd3ed93, type: 2}
      propertyPath: m_LocalRotation.x
      value: -0
      objectReference: {fileID: 0}
    - target: {fileID: 4625280597787356, guid: 09bb9c9354af1794a9cc15240bd3ed93, type: 2}
      propertyPath: m_LocalRotation.y
      value: -0
      objectReference: {fileID: 0}
    - target: {fileID: 4625280597787356, guid: 09bb9c9354af1794a9cc15240bd3ed93, type: 2}
      propertyPath: m_LocalRotation.z
      value: -0
      objectReference: {fileID: 0}
    - target: {fileID: 4625280597787356, guid: 09bb9c9354af1794a9cc15240bd3ed93, type: 2}
      propertyPath: m_LocalRotation.w
      value: 1
      objectReference: {fileID: 0}
    - target: {fileID: 4625280597787356, guid: 09bb9c9354af1794a9cc15240bd3ed93, type: 2}
      propertyPath: m_RootOrder
      value: 1
      objectReference: {fileID: 0}
    - target: {fileID: 1948151282407378, guid: 09bb9c9354af1794a9cc15240bd3ed93, type: 2}
      propertyPath: m_IsActive
      value: 0
      objectReference: {fileID: 0}
    m_RemovedComponents: []
  m_SourcePrefab: {fileID: 100100000, guid: 09bb9c9354af1794a9cc15240bd3ed93, type: 2}
  m_IsPrefabAsset: 0
--- !u!4 &1444759994 stripped
Transform:
  m_CorrespondingSourceObject: {fileID: 4625280597787356, guid: 09bb9c9354af1794a9cc15240bd3ed93,
    type: 2}
  m_PrefabInternal: {fileID: 1444759993}
--- !u!1 &1449524593
GameObject:
  m_ObjectHideFlags: 0
  m_CorrespondingSourceObject: {fileID: 1938264223754986, guid: 850b86aab8aa72b4588ede6ced2d4cf6,
    type: 2}
  m_PrefabInternal: {fileID: 0}
  serializedVersion: 6
  m_Component:
  - component: {fileID: 1449524594}
  - component: {fileID: 1449524595}
  m_Layer: 9
  m_Name: DestroyZoneParent
  m_TagString: Untagged
  m_Icon: {fileID: 0}
  m_NavMeshLayer: 0
  m_StaticEditorFlags: 0
  m_IsActive: 1
--- !u!4 &1449524594
Transform:
  m_ObjectHideFlags: 0
  m_CorrespondingSourceObject: {fileID: 4247830150856224, guid: 850b86aab8aa72b4588ede6ced2d4cf6,
    type: 2}
  m_PrefabInternal: {fileID: 0}
  m_GameObject: {fileID: 1449524593}
  m_LocalRotation: {x: -0, y: -0, z: -0, w: 1}
  m_LocalPosition: {x: -1180.5492, y: -25.20797, z: 18.296875}
  m_LocalScale: {x: 1, y: 1, z: 1}
  m_Children:
  - {fileID: 2112986043}
  - {fileID: 1906120453}
  - {fileID: 766000827}
  m_Father: {fileID: 1498304036}
  m_RootOrder: 3
  m_LocalEulerAnglesHint: {x: 0, y: 0, z: 0}
--- !u!114 &1449524595
MonoBehaviour:
  m_ObjectHideFlags: 0
  m_CorrespondingSourceObject: {fileID: 114721589818302092, guid: 850b86aab8aa72b4588ede6ced2d4cf6,
    type: 2}
  m_PrefabInternal: {fileID: 0}
  m_GameObject: {fileID: 1449524593}
  m_Enabled: 1
  m_EditorHideFlags: 0
  m_Script: {fileID: 11500000, guid: 33824c9eb6170314e91329f35cc162f9, type: 3}
  m_Name: 
  m_EditorClassIdentifier: 
--- !u!1 &1478990526
GameObject:
  m_ObjectHideFlags: 0
  m_CorrespondingSourceObject: {fileID: 1510143156741900, guid: 065ba0743cb1d82498f5a6261fc2a021,
    type: 2}
  m_PrefabInternal: {fileID: 0}
  serializedVersion: 6
  m_Component:
  - component: {fileID: 1478990527}
  - component: {fileID: 1478990532}
  - component: {fileID: 1478990531}
  - component: {fileID: 1478990530}
  - component: {fileID: 1478990529}
  - component: {fileID: 1478990528}
  m_Layer: 0
  m_Name: Player
  m_TagString: Player
  m_Icon: {fileID: 0}
  m_NavMeshLayer: 0
  m_StaticEditorFlags: 0
  m_IsActive: 1
--- !u!4 &1478990527
Transform:
  m_ObjectHideFlags: 0
  m_CorrespondingSourceObject: {fileID: 4656530775809268, guid: 065ba0743cb1d82498f5a6261fc2a021,
    type: 2}
  m_PrefabInternal: {fileID: 0}
  m_GameObject: {fileID: 1478990526}
  m_LocalRotation: {x: -0, y: -0, z: -0, w: 1}
  m_LocalPosition: {x: 0, y: 0, z: 0}
  m_LocalScale: {x: 1, y: 1, z: 1}
  m_Children:
  - {fileID: 1379217949}
  - {fileID: 1443883372}
  m_Father: {fileID: 1498304036}
  m_RootOrder: 0
  m_LocalEulerAnglesHint: {x: 0, y: 0, z: 0}
--- !u!114 &1478990528
MonoBehaviour:
  m_ObjectHideFlags: 0
  m_CorrespondingSourceObject: {fileID: 114641868874159012, guid: 065ba0743cb1d82498f5a6261fc2a021,
    type: 2}
  m_PrefabInternal: {fileID: 0}
  m_GameObject: {fileID: 1478990526}
  m_Enabled: 1
  m_EditorHideFlags: 0
  m_Script: {fileID: 11500000, guid: 2d58f7542d23c8549b67eff4cc48aab0, type: 3}
  m_Name: 
  m_EditorClassIdentifier: 
  isInRange: 0
  isStillIn: 0
  isSpeed: 3
  upSpeed: 0
  sideSpeed: 0
  orbSpeed: 0
  player: {fileID: 1478990526}
  colObject: {fileID: 0}
  colObject2: {fileID: 0}
  colObject3: {fileID: 0}
  colObject4: {fileID: 0}
  objPosition: {x: 0, y: 0}
  objPosition2: {x: 0, y: 0}
--- !u!114 &1478990529
MonoBehaviour:
  m_ObjectHideFlags: 0
  m_CorrespondingSourceObject: {fileID: 114701720896650532, guid: 065ba0743cb1d82498f5a6261fc2a021,
    type: 2}
  m_PrefabInternal: {fileID: 0}
  m_GameObject: {fileID: 1478990526}
  m_Enabled: 1
  m_EditorHideFlags: 0
  m_Script: {fileID: 11500000, guid: a5cf618cc145b17439b08d6d056a0d51, type: 3}
  m_Name: 
  m_EditorClassIdentifier: 
  isSpeed: 3
  distance: 0
  player: {fileID: 1478990526}
  colObject: {fileID: 0}
  objPosition: {x: 0, y: 0}
--- !u!114 &1478990530
MonoBehaviour:
  m_ObjectHideFlags: 0
  m_CorrespondingSourceObject: {fileID: 114429118504423750, guid: 065ba0743cb1d82498f5a6261fc2a021,
    type: 2}
  m_PrefabInternal: {fileID: 0}
  m_GameObject: {fileID: 1478990526}
  m_Enabled: 1
  m_EditorHideFlags: 0
  m_Script: {fileID: 11500000, guid: 292c1cc0eff93684ca54fe22f29e5fd8, type: 3}
  m_Name: 
  m_EditorClassIdentifier: 
  speed: 4
  jumpSpeed: 5
--- !u!50 &1478990531
Rigidbody2D:
  serializedVersion: 4
  m_ObjectHideFlags: 0
  m_CorrespondingSourceObject: {fileID: 50108427278892548, guid: 065ba0743cb1d82498f5a6261fc2a021,
    type: 2}
  m_PrefabInternal: {fileID: 0}
  m_GameObject: {fileID: 1478990526}
  m_BodyType: 0
  m_Simulated: 1
  m_UseFullKinematicContacts: 0
  m_UseAutoMass: 0
  m_Mass: 1
  m_LinearDrag: 0.5
  m_AngularDrag: 0
  m_GravityScale: 0
  m_Material: {fileID: 0}
  m_Interpolate: 0
  m_SleepingMode: 1
  m_CollisionDetection: 0
  m_Constraints: 4
--- !u!58 &1478990532
CircleCollider2D:
  m_ObjectHideFlags: 0
  m_CorrespondingSourceObject: {fileID: 58311157865541042, guid: 065ba0743cb1d82498f5a6261fc2a021,
    type: 2}
  m_PrefabInternal: {fileID: 0}
  m_GameObject: {fileID: 1478990526}
  m_Enabled: 1
  m_Density: 1
  m_Material: {fileID: 0}
  m_IsTrigger: 0
  m_UsedByEffector: 0
  m_UsedByComposite: 0
  m_Offset: {x: 0, y: 0}
  serializedVersion: 2
  m_Radius: 0.5
--- !u!1 &1498304035
GameObject:
  m_ObjectHideFlags: 0
  m_CorrespondingSourceObject: {fileID: 1482030376628672, guid: 850b86aab8aa72b4588ede6ced2d4cf6,
    type: 2}
  m_PrefabInternal: {fileID: 0}
  serializedVersion: 6
  m_Component:
  - component: {fileID: 1498304036}
  m_Layer: 0
  m_Name: Prefab save
  m_TagString: Untagged
  m_Icon: {fileID: 0}
  m_NavMeshLayer: 0
  m_StaticEditorFlags: 0
  m_IsActive: 1
--- !u!4 &1498304036
Transform:
  m_ObjectHideFlags: 0
  m_CorrespondingSourceObject: {fileID: 4197236740679458, guid: 850b86aab8aa72b4588ede6ced2d4cf6,
    type: 2}
  m_PrefabInternal: {fileID: 0}
  m_GameObject: {fileID: 1498304035}
  m_LocalRotation: {x: 0, y: 0, z: 0, w: 1}
  m_LocalPosition: {x: 0, y: 0, z: 0}
  m_LocalScale: {x: 1, y: 1, z: 1}
  m_Children:
  - {fileID: 1478990527}
  - {fileID: 602427797}
  - {fileID: 978605290}
  - {fileID: 1449524594}
  m_Father: {fileID: 0}
  m_RootOrder: 2
  m_LocalEulerAnglesHint: {x: 0, y: 0, z: 0}
--- !u!1001 &1606849447
Prefab:
  m_ObjectHideFlags: 0
  serializedVersion: 2
  m_Modification:
    m_TransformParent: {fileID: 1862383585}
    m_Modifications:
    - target: {fileID: 4103468816534552, guid: f9e886fae3083c1439701e689c718418, type: 2}
      propertyPath: m_LocalPosition.x
      value: 0
      objectReference: {fileID: 0}
    - target: {fileID: 4103468816534552, guid: f9e886fae3083c1439701e689c718418, type: 2}
      propertyPath: m_LocalPosition.y
      value: 0
      objectReference: {fileID: 0}
    - target: {fileID: 4103468816534552, guid: f9e886fae3083c1439701e689c718418, type: 2}
      propertyPath: m_LocalPosition.z
      value: 0
      objectReference: {fileID: 0}
    - target: {fileID: 4103468816534552, guid: f9e886fae3083c1439701e689c718418, type: 2}
      propertyPath: m_LocalRotation.x
      value: -0
      objectReference: {fileID: 0}
    - target: {fileID: 4103468816534552, guid: f9e886fae3083c1439701e689c718418, type: 2}
      propertyPath: m_LocalRotation.y
      value: -0
      objectReference: {fileID: 0}
    - target: {fileID: 4103468816534552, guid: f9e886fae3083c1439701e689c718418, type: 2}
      propertyPath: m_LocalRotation.z
      value: -0
      objectReference: {fileID: 0}
    - target: {fileID: 4103468816534552, guid: f9e886fae3083c1439701e689c718418, type: 2}
      propertyPath: m_LocalRotation.w
      value: 1
      objectReference: {fileID: 0}
    - target: {fileID: 4103468816534552, guid: f9e886fae3083c1439701e689c718418, type: 2}
      propertyPath: m_RootOrder
      value: 4
      objectReference: {fileID: 0}
    - target: {fileID: 1803568695271448, guid: f9e886fae3083c1439701e689c718418, type: 2}
      propertyPath: m_IsActive
      value: 0
      objectReference: {fileID: 0}
    m_RemovedComponents: []
  m_SourcePrefab: {fileID: 100100000, guid: f9e886fae3083c1439701e689c718418, type: 2}
  m_IsPrefabAsset: 0
--- !u!4 &1606849448 stripped
Transform:
  m_CorrespondingSourceObject: {fileID: 4103468816534552, guid: f9e886fae3083c1439701e689c718418,
    type: 2}
  m_PrefabInternal: {fileID: 1606849447}
--- !u!1 &1777833756
GameObject:
  m_ObjectHideFlags: 0
  m_CorrespondingSourceObject: {fileID: 0}
  m_PrefabInternal: {fileID: 0}
  serializedVersion: 6
  m_Component:
  - component: {fileID: 1777833757}
  m_Layer: 0
  m_Name: Environment
  m_TagString: Untagged
  m_Icon: {fileID: 0}
  m_NavMeshLayer: 0
  m_StaticEditorFlags: 0
  m_IsActive: 1
--- !u!4 &1777833757
Transform:
  m_ObjectHideFlags: 0
  m_CorrespondingSourceObject: {fileID: 0}
  m_PrefabInternal: {fileID: 0}
  m_GameObject: {fileID: 1777833756}
  m_LocalRotation: {x: 0, y: 0, z: 0, w: 1}
  m_LocalPosition: {x: -13.404804, y: 1.0779886, z: -0.40191665}
  m_LocalScale: {x: 1, y: 1, z: 1}
  m_Children:
  - {fileID: 280205937}
  - {fileID: 1833612151}
  - {fileID: 598107200}
  - {fileID: 1873005344}
  m_Father: {fileID: 0}
  m_RootOrder: 3
  m_LocalEulerAnglesHint: {x: 0, y: 0, z: 0}
--- !u!4 &1833612151 stripped
Transform:
  m_CorrespondingSourceObject: {fileID: 4084960477980668, guid: b710c5534a48fed48b927939cc7f6e09,
    type: 2}
  m_PrefabInternal: {fileID: 40404940}
--- !u!1 &1862383584
GameObject:
  m_ObjectHideFlags: 0
  m_CorrespondingSourceObject: {fileID: 1356481046544246, guid: 065ba0743cb1d82498f5a6261fc2a021,
    type: 2}
  m_PrefabInternal: {fileID: 0}
  serializedVersion: 6
  m_Component:
  - component: {fileID: 1862383585}
  m_Layer: 0
  m_Name: Stefan's GameObjects
  m_TagString: Untagged
  m_Icon: {fileID: 0}
  m_NavMeshLayer: 0
  m_StaticEditorFlags: 0
  m_IsActive: 1
--- !u!4 &1862383585
Transform:
  m_ObjectHideFlags: 0
  m_CorrespondingSourceObject: {fileID: 4564169215788476, guid: 065ba0743cb1d82498f5a6261fc2a021,
    type: 2}
  m_PrefabInternal: {fileID: 0}
  m_GameObject: {fileID: 1862383584}
  m_LocalRotation: {x: 0, y: 0, z: 0, w: 1}
  m_LocalPosition: {x: 0, y: 0, z: 0}
  m_LocalScale: {x: 1, y: 1, z: 1}
  m_Children:
  - {fileID: 1034793847}
  - {fileID: 1444759994}
  - {fileID: 2044315920}
  - {fileID: 1922309455}
  - {fileID: 1606849448}
  - {fileID: 1317809386}
  - {fileID: 476243088}
  m_Father: {fileID: 0}
  m_RootOrder: 4
  m_LocalEulerAnglesHint: {x: 0, y: 0, z: 0}
--- !u!4 &1873005344 stripped
Transform:
  m_CorrespondingSourceObject: {fileID: 4216466477216574, guid: cd2ee8ec88407644eb5bad84ad9241ad,
    type: 2}
  m_PrefabInternal: {fileID: 827693961}
--- !u!1 &1906120452
GameObject:
  m_ObjectHideFlags: 0
  m_CorrespondingSourceObject: {fileID: 1480784969931878, guid: 850b86aab8aa72b4588ede6ced2d4cf6,
    type: 2}
  m_PrefabInternal: {fileID: 0}
  serializedVersion: 6
  m_Component:
  - component: {fileID: 1906120453}
  - component: {fileID: 1906120456}
  - component: {fileID: 1906120455}
  - component: {fileID: 1906120454}
  m_Layer: 9
  m_Name: GuideBarDown
  m_TagString: Untagged
  m_Icon: {fileID: 0}
  m_NavMeshLayer: 0
  m_StaticEditorFlags: 0
  m_IsActive: 1
--- !u!4 &1906120453
Transform:
  m_ObjectHideFlags: 0
  m_CorrespondingSourceObject: {fileID: 4247921078758478, guid: 850b86aab8aa72b4588ede6ced2d4cf6,
    type: 2}
  m_PrefabInternal: {fileID: 0}
  m_GameObject: {fileID: 1906120452}
  m_LocalRotation: {x: -0, y: -0, z: -0, w: 1}
  m_LocalPosition: {x: -140.1, y: -65, z: -13.19266}
  m_LocalScale: {x: 600, y: 50, z: 300}
  m_Children: []
  m_Father: {fileID: 1449524594}
  m_RootOrder: 1
  m_LocalEulerAnglesHint: {x: 0, y: 0, z: 0}
--- !u!61 &1906120454
BoxCollider2D:
  m_ObjectHideFlags: 0
  m_CorrespondingSourceObject: {fileID: 61183299879527792, guid: 850b86aab8aa72b4588ede6ced2d4cf6,
    type: 2}
  m_PrefabInternal: {fileID: 0}
  m_GameObject: {fileID: 1906120452}
  m_Enabled: 1
  m_Density: 1
  m_Material: {fileID: 0}
  m_IsTrigger: 0
  m_UsedByEffector: 0
  m_UsedByComposite: 0
  m_Offset: {x: 0, y: 0}
  m_SpriteTilingProperty:
    border: {x: 0, y: 0, z: 0, w: 0}
    pivot: {x: 0, y: 0}
    oldSize: {x: 0, y: 0}
    newSize: {x: 0, y: 0}
    adaptiveTilingThreshold: 0
    drawMode: 0
    adaptiveTiling: 0
  m_AutoTiling: 0
  serializedVersion: 2
  m_Size: {x: 1, y: 0.99999994}
  m_EdgeRadius: 0
--- !u!23 &1906120455
MeshRenderer:
  m_ObjectHideFlags: 0
  m_CorrespondingSourceObject: {fileID: 23910501829123702, guid: 850b86aab8aa72b4588ede6ced2d4cf6,
    type: 2}
  m_PrefabInternal: {fileID: 0}
  m_GameObject: {fileID: 1906120452}
  m_Enabled: 0
  m_CastShadows: 1
  m_ReceiveShadows: 1
  m_DynamicOccludee: 1
  m_MotionVectors: 1
  m_LightProbeUsage: 1
  m_ReflectionProbeUsage: 1
  m_RenderingLayerMask: 4294967295
  m_Materials:
  - {fileID: 10303, guid: 0000000000000000f000000000000000, type: 0}
  m_StaticBatchInfo:
    firstSubMesh: 0
    subMeshCount: 0
  m_StaticBatchRoot: {fileID: 0}
  m_ProbeAnchor: {fileID: 0}
  m_LightProbeVolumeOverride: {fileID: 0}
  m_ScaleInLightmap: 1
  m_PreserveUVs: 0
  m_IgnoreNormalsForChartDetection: 0
  m_ImportantGI: 0
  m_StitchLightmapSeams: 0
  m_SelectedEditorRenderState: 3
  m_MinimumChartSize: 4
  m_AutoUVMaxDistance: 0.5
  m_AutoUVMaxAngle: 89
  m_LightmapParameters: {fileID: 0}
  m_SortingLayerID: 0
  m_SortingLayer: 0
  m_SortingOrder: 0
--- !u!33 &1906120456
MeshFilter:
  m_ObjectHideFlags: 0
  m_CorrespondingSourceObject: {fileID: 33798210590478404, guid: 850b86aab8aa72b4588ede6ced2d4cf6,
    type: 2}
  m_PrefabInternal: {fileID: 0}
  m_GameObject: {fileID: 1906120452}
  m_Mesh: {fileID: 10202, guid: 0000000000000000e000000000000000, type: 0}
--- !u!1001 &1922309454
Prefab:
  m_ObjectHideFlags: 0
  serializedVersion: 2
  m_Modification:
    m_TransformParent: {fileID: 1862383585}
    m_Modifications:
    - target: {fileID: 4314693039523394, guid: 787682978896e514a8481d0271ed8a00, type: 2}
      propertyPath: m_LocalPosition.x
      value: 0
      objectReference: {fileID: 0}
    - target: {fileID: 4314693039523394, guid: 787682978896e514a8481d0271ed8a00, type: 2}
      propertyPath: m_LocalPosition.y
      value: 0
      objectReference: {fileID: 0}
    - target: {fileID: 4314693039523394, guid: 787682978896e514a8481d0271ed8a00, type: 2}
      propertyPath: m_LocalPosition.z
      value: 0
      objectReference: {fileID: 0}
    - target: {fileID: 4314693039523394, guid: 787682978896e514a8481d0271ed8a00, type: 2}
      propertyPath: m_LocalRotation.x
      value: -0
      objectReference: {fileID: 0}
    - target: {fileID: 4314693039523394, guid: 787682978896e514a8481d0271ed8a00, type: 2}
      propertyPath: m_LocalRotation.y
      value: -0
      objectReference: {fileID: 0}
    - target: {fileID: 4314693039523394, guid: 787682978896e514a8481d0271ed8a00, type: 2}
      propertyPath: m_LocalRotation.z
      value: -0
      objectReference: {fileID: 0}
    - target: {fileID: 4314693039523394, guid: 787682978896e514a8481d0271ed8a00, type: 2}
      propertyPath: m_LocalRotation.w
      value: 1
      objectReference: {fileID: 0}
    - target: {fileID: 4314693039523394, guid: 787682978896e514a8481d0271ed8a00, type: 2}
      propertyPath: m_RootOrder
      value: 3
      objectReference: {fileID: 0}
    - target: {fileID: 1869316401352248, guid: 787682978896e514a8481d0271ed8a00, type: 2}
      propertyPath: m_IsActive
      value: 0
      objectReference: {fileID: 0}
    m_RemovedComponents: []
  m_SourcePrefab: {fileID: 100100000, guid: 787682978896e514a8481d0271ed8a00, type: 2}
  m_IsPrefabAsset: 0
--- !u!4 &1922309455 stripped
Transform:
  m_CorrespondingSourceObject: {fileID: 4314693039523394, guid: 787682978896e514a8481d0271ed8a00,
    type: 2}
  m_PrefabInternal: {fileID: 1922309454}
--- !u!4 &1998142750 stripped
Transform:
  m_CorrespondingSourceObject: {fileID: 4734524514257894, guid: 7cfda62bab9b8e647a10b359ca2173ae,
    type: 2}
  m_PrefabInternal: {fileID: 379836349}
--- !u!1001 &2044315919
Prefab:
  m_ObjectHideFlags: 0
  serializedVersion: 2
  m_Modification:
    m_TransformParent: {fileID: 1862383585}
    m_Modifications:
    - target: {fileID: 4070089323648360, guid: 8f2c659bcab11a04e807b2e007efa236, type: 2}
      propertyPath: m_LocalPosition.x
      value: 0
      objectReference: {fileID: 0}
    - target: {fileID: 4070089323648360, guid: 8f2c659bcab11a04e807b2e007efa236, type: 2}
      propertyPath: m_LocalPosition.y
      value: 0
      objectReference: {fileID: 0}
    - target: {fileID: 4070089323648360, guid: 8f2c659bcab11a04e807b2e007efa236, type: 2}
      propertyPath: m_LocalPosition.z
      value: 0
      objectReference: {fileID: 0}
    - target: {fileID: 4070089323648360, guid: 8f2c659bcab11a04e807b2e007efa236, type: 2}
      propertyPath: m_LocalRotation.x
      value: -0
      objectReference: {fileID: 0}
    - target: {fileID: 4070089323648360, guid: 8f2c659bcab11a04e807b2e007efa236, type: 2}
      propertyPath: m_LocalRotation.y
      value: -0
      objectReference: {fileID: 0}
    - target: {fileID: 4070089323648360, guid: 8f2c659bcab11a04e807b2e007efa236, type: 2}
      propertyPath: m_LocalRotation.z
      value: -0
      objectReference: {fileID: 0}
    - target: {fileID: 4070089323648360, guid: 8f2c659bcab11a04e807b2e007efa236, type: 2}
      propertyPath: m_LocalRotation.w
      value: 1
      objectReference: {fileID: 0}
    - target: {fileID: 4070089323648360, guid: 8f2c659bcab11a04e807b2e007efa236, type: 2}
      propertyPath: m_RootOrder
      value: 2
      objectReference: {fileID: 0}
    - target: {fileID: 1409331595835074, guid: 8f2c659bcab11a04e807b2e007efa236, type: 2}
      propertyPath: m_IsActive
      value: 0
      objectReference: {fileID: 0}
    m_RemovedComponents: []
  m_SourcePrefab: {fileID: 100100000, guid: 8f2c659bcab11a04e807b2e007efa236, type: 2}
  m_IsPrefabAsset: 0
--- !u!4 &2044315920 stripped
Transform:
  m_CorrespondingSourceObject: {fileID: 4070089323648360, guid: 8f2c659bcab11a04e807b2e007efa236,
    type: 2}
  m_PrefabInternal: {fileID: 2044315919}
--- !u!1 &2112986042
GameObject:
  m_ObjectHideFlags: 0
  m_CorrespondingSourceObject: {fileID: 1203168788980512, guid: 850b86aab8aa72b4588ede6ced2d4cf6,
    type: 2}
  m_PrefabInternal: {fileID: 0}
  serializedVersion: 6
  m_Component:
  - component: {fileID: 2112986043}
  - component: {fileID: 2112986046}
  - component: {fileID: 2112986045}
  - component: {fileID: 2112986044}
  m_Layer: 9
  m_Name: DestroyZone
  m_TagString: Untagged
  m_Icon: {fileID: 0}
  m_NavMeshLayer: 0
  m_StaticEditorFlags: 0
  m_IsActive: 1
--- !u!4 &2112986043
Transform:
  m_ObjectHideFlags: 0
  m_CorrespondingSourceObject: {fileID: 4295532554664328, guid: 850b86aab8aa72b4588ede6ced2d4cf6,
    type: 2}
  m_PrefabInternal: {fileID: 0}
  m_GameObject: {fileID: 2112986042}
  m_LocalRotation: {x: -0, y: -0, z: -0, w: 1}
  m_LocalPosition: {x: -538.98, y: 47.60993, z: -13.19266}
  m_LocalScale: {x: 200, y: 308.4, z: 100}
  m_Children: []
  m_Father: {fileID: 1449524594}
  m_RootOrder: 0
  m_LocalEulerAnglesHint: {x: 0, y: 0, z: 0}
--- !u!61 &2112986044
BoxCollider2D:
  m_ObjectHideFlags: 0
  m_CorrespondingSourceObject: {fileID: 61904973361262046, guid: 850b86aab8aa72b4588ede6ced2d4cf6,
    type: 2}
  m_PrefabInternal: {fileID: 0}
  m_GameObject: {fileID: 2112986042}
  m_Enabled: 1
  m_Density: 1
  m_Material: {fileID: 0}
  m_IsTrigger: 0
  m_UsedByEffector: 0
  m_UsedByComposite: 0
  m_Offset: {x: 0, y: 0}
  m_SpriteTilingProperty:
    border: {x: 0, y: 0, z: 0, w: 0}
    pivot: {x: 0, y: 0}
    oldSize: {x: 0, y: 0}
    newSize: {x: 0, y: 0}
    adaptiveTilingThreshold: 0
    drawMode: 0
    adaptiveTiling: 0
  m_AutoTiling: 0
  serializedVersion: 2
  m_Size: {x: 1, y: 0.99999994}
  m_EdgeRadius: 0
--- !u!23 &2112986045
MeshRenderer:
  m_ObjectHideFlags: 0
  m_CorrespondingSourceObject: {fileID: 23802632719458534, guid: 850b86aab8aa72b4588ede6ced2d4cf6,
    type: 2}
  m_PrefabInternal: {fileID: 0}
  m_GameObject: {fileID: 2112986042}
  m_Enabled: 0
  m_CastShadows: 1
  m_ReceiveShadows: 1
  m_DynamicOccludee: 1
  m_MotionVectors: 1
  m_LightProbeUsage: 1
  m_ReflectionProbeUsage: 1
  m_RenderingLayerMask: 4294967295
  m_Materials:
  - {fileID: 10303, guid: 0000000000000000f000000000000000, type: 0}
  m_StaticBatchInfo:
    firstSubMesh: 0
    subMeshCount: 0
  m_StaticBatchRoot: {fileID: 0}
  m_ProbeAnchor: {fileID: 0}
  m_LightProbeVolumeOverride: {fileID: 0}
  m_ScaleInLightmap: 1
  m_PreserveUVs: 0
  m_IgnoreNormalsForChartDetection: 0
  m_ImportantGI: 0
  m_StitchLightmapSeams: 0
  m_SelectedEditorRenderState: 3
  m_MinimumChartSize: 4
  m_AutoUVMaxDistance: 0.5
  m_AutoUVMaxAngle: 89
  m_LightmapParameters: {fileID: 0}
  m_SortingLayerID: 0
  m_SortingLayer: 0
  m_SortingOrder: 0
--- !u!33 &2112986046
MeshFilter:
  m_ObjectHideFlags: 0
  m_CorrespondingSourceObject: {fileID: 33735679456165990, guid: 850b86aab8aa72b4588ede6ced2d4cf6,
    type: 2}
  m_PrefabInternal: {fileID: 0}
  m_GameObject: {fileID: 2112986042}
  m_Mesh: {fileID: 10202, guid: 0000000000000000e000000000000000, type: 0}
